00574cas a22002171a 4500
001 999279233502836
003 Nz
005 20161223153900.0
008 031222d1874uuuunz  r ne      0   0 eng d
035    $a (NLNZils)927923
035    $a (Nz)8136919
035    $a (NLNZils)927923-ilsdb
035    $a (OCoLC)173420867
040    $a WN $c WN
042    $a nznb
043    $a u-nz---
245 00 $a Coromandel news.
260    $a [Coromandel, N.Z. : $b s.n., $c 1874?-?]
362 0  $a 1874?-?
651  0 $a Thames-Coromandel District (N.Z.) $v Newspapers.
655  7 $a New Zealand newspapers. $2 local $5 Nz
